@inproceedings{Pedro2019,
    title = {{Title for the reference}},
    year = {2019},
    booktitle = {2019 International Conference on Bla Bla},
    author = {Newton and Einstein and Hawkins},
    month = {2},
    pages = {1160--1164},
    publisher = {IEEE},
    url = {http://ieeexplore.ieee.org/document/xxxxxxxxx/},
    isbn = {978-1-4673-5788-3},
    doi = {https://doi.org/10.1109/JSEN.2015.2467329},
    keywords = {bla bla bla }
}

@article{lecun2015deep,
  title={Deep learning},
  author={LeCun, Yann and Bengio, Yoshua and Hinton, Geoffrey},
  journal={Nature},
  volume={521},
  number={7553},
  pages={436--444},
  year={2015},
  publisher={Nature Publishing Group}
}

@book{goodfellow2016deep,
  title={Deep Learning},
  author={Goodfellow, Ian and Bengio, Yoshua and Courville, Aaron},
  publisher={MIT Press},
  year={2016}
}

@online{tensorflow2022,
    author = {{Google}},
    title = {TensorFlow: An open-source machine learning framework for everyone},
    year = 2022,
    url = {https://www.tensorflow.org/},
    urldate = {2022-10-27}
}
